<?xml version="1.0" encoding="UTF-8"?><collection xmlns="http://www.loc.gov/MARC21/slim"><record><leader>00559nam--2200169-i-4500</leader><controlfield tag="001">000006688</controlfield><controlfield tag="002">20161230</controlfield><controlfield tag="005">20161230201026</controlfield><controlfield tag="008">060222s1000------------r-----000-0-eng-d</controlfield><datafield ind1=" " ind2=" " tag="041"><subfield code="a">IFIN-HH</subfield></datafield><datafield ind1=" " ind2=" " tag="080"><subfield code="a">681.3.01(075.9)</subfield></datafield><datafield ind1="1" ind2=" " tag="100"><subfield code="a">Collins, D.H</subfield></datafield><datafield ind1="1" ind2="0" tag="245"><subfield code="a">Batteries</subfield><subfield code="b">Research and development in non mechanical electrical power sources. proc. of the 3rd international symposium. bourne mouth, october 1962</subfield><subfield code="c">D.h. collins (ed.)</subfield></datafield><datafield ind1=" " ind2=" " tag="260"><subfield code="a">London</subfield><subfield code="b">Pergamon Press</subfield><subfield code="c">1963</subfield></datafield><datafield ind1=" " ind2=" " tag="300"><subfield code="a">XV + 464 P</subfield></datafield><datafield ind1=" " ind2=" " tag="852"><subfield code="a">19427</subfield><subfield code="c">621.35</subfield></datafield><datafield ind1=" " ind2=" " tag="CAT"><subfield code="a">Sys</subfield><subfield code="c">20141028</subfield><subfield code="h">164657</subfield></datafield></record></collection>